<record><leader>00000cas a22000007a 4500</leader><controlfield tag="001">37763653</controlfield><controlfield tag="008">971010d18351836meuwr ne      0    0eng d</controlfield><datafield ind1=" " ind2=" " tag="010"><subfield code="a">sn 97062772 </subfield></datafield><datafield ind1=" " ind2=" " tag="040"><subfield code="a">MBN</subfield><subfield code="b">eng</subfield><subfield code="c">MBN</subfield><subfield code="d">OCLCQ</subfield><subfield code="d">OCLCF</subfield><subfield code="d">OCLCO</subfield></datafield><datafield ind1="1" ind2=" " tag="029"><subfield code="a">AU@</subfield><subfield code="b">000013546977</subfield></datafield><datafield ind1=" " ind2=" " tag="042"><subfield code="a">msc</subfield></datafield><datafield ind1=" " ind2=" " tag="043"><subfield code="a">n-us-me</subfield></datafield><datafield ind1="0" ind2=" " tag="130"><subfield code="a">American advocate (Belfast, Me.)</subfield></datafield><datafield ind1="1" ind2="0" tag="245"><subfield code="a">American advocate.</subfield></datafield><datafield ind1=" " ind2=" " tag="260"><subfield code="a">Belfast, Me. :</subfield><subfield code="b">John Dorr</subfield></datafield><datafield ind1=" " ind2=" " tag="300"><subfield code="a">v.</subfield></datafield><datafield ind1=" " ind2=" " tag="310"><subfield code="a">Weekly</subfield></datafield><datafield ind1="1" ind2=" " tag="362"><subfield code="a">Ceased with Apr. 28, 1836 issue.</subfield><subfield code="z">Cf. Gregory, W. Amer. newspapers.</subfield></datafield><datafield ind1=" " ind2=" " tag="588"><subfield code="a">Description based on: Vol. 6, no. 1 (Nov. 5, 1835).</subfield></datafield><datafield ind1=" " ind2="0" tag="651"><subfield code="a">Belfast (Me.)</subfield><subfield code="v">Newspapers.</subfield></datafield><datafield ind1=" " ind2="7" tag="655"><subfield code="a">Newspapers.</subfield><subfield code="2">fast</subfield><subfield code="0">(OCoLC)fst01423814</subfield></datafield><datafield ind1=" " ind2="7" tag="651"><subfield code="a">Maine</subfield><subfield code="z">Belfast.</subfield><subfield code="2">fast</subfield><subfield code="0">(OCoLC)fst01223538</subfield></datafield><datafield ind1=" " ind2=" " tag="752"><subfield code="a">United States</subfield><subfield code="b">Maine</subfield><subfield code="c">Waldo</subfield><subfield code="d">Belfast.</subfield></datafield><datafield ind1="0" ind2="0" tag="780"><subfield code="t">Workingmen's advocate</subfield><subfield code="w">(DLC)sn 83021375</subfield></datafield></record>